<?xml version="1.0" encoding="UTF-8"?>
<record xmlns="http://www.loc.gov/MARC21/slim">
   <leader>00923cam a2200217 a 4500</leader>
   <controlfield tag="001">1375564</controlfield>
   <controlfield tag="003">NjP</controlfield>
   <controlfield tag="005">20171107100058.0</controlfield>
   <controlfield tag="008">831214m19101926le            000 0 araod</controlfield>
   <datafield tag="024" ind1="7" ind2=" ">
      <subfield code="a">princeton_aco004256</subfield>
      <subfield code="2">local</subfield>
   </datafield>
   <datafield ind1=" " ind2=" " tag="035">
      <subfield code="a">(OCoLC)ocm10220270</subfield>
   </datafield>
   <datafield ind1=" " ind2=" " tag="035">
      <subfield code="9">CEB9381TS</subfield>
   </datafield>
   <datafield ind1=" " ind2=" " tag="040">
      <subfield code="a">IXA</subfield>
      <subfield code="c">IXA</subfield>
      <subfield code="d">OCL</subfield>
      <subfield code="d">IXA</subfield>
      <subfield code="d">PUL</subfield>
   </datafield>
   <datafield ind1="1" ind2=" " tag="100">
      <subfield code="a">Cheikho, Louis,</subfield>
      <subfield code="d">1859-1927.</subfield>
      <subfield code="0">http://id.loc.gov/authorities/names/n82234894</subfield>
   </datafield>
   <datafield ind1="1" ind2="3" tag="245">
      <subfield code="a">al-Sirr al-maṣūn fī shīʻah al-Farmasūn :</subfield>
      <subfield code="b">wa-huwa naẓarun tārīkhī adabī ijtimāʻī /</subfield>
      <subfield code="c">bi-qalam Lūwīs Shīkhū.</subfield>
   </datafield>
   <datafield ind1=" " ind2=" " tag="250">
      <subfield code="a">al-Ṭabʻah 3.</subfield>
   </datafield>
   <datafield ind1=" " ind2=" " tag="260">
      <subfield code="a">Bayrūt :</subfield>
      <subfield code="b">al-Maṭbaʻah al-Kāthūlīkīyah,</subfield>
      <subfield code="c">1910-1926.</subfield>
   </datafield>
   <datafield ind1=" " ind2=" " tag="300">
      <subfield code="a">6 v. in 1 :</subfield>
      <subfield code="b">facsims., ill. ;</subfield>
      <subfield code="c">21 cm.</subfield>
   </datafield>
   <datafield ind1="2" ind2="0" tag="610">
      <subfield code="a">Freemasons.</subfield>
      <subfield code="0">http://id.loc.gov/authorities/subjects/sh85051727</subfield>
   </datafield>
   <datafield ind1="2" ind2="0" tag="610">
      <subfield code="a">Freemasons</subfield>
      <subfield code="x">History.</subfield>
      <subfield code="0">http://id.loc.gov/authorities/subjects/sh2008104106</subfield>
   </datafield>
   <datafield ind1="4" ind2=" " tag="856">
      <subfield code="u">http://hdl.handle.net/2027/njp.32101063973927</subfield>
   </datafield>
   <datafield ind1=" " ind2=" " tag="947">
      <subfield code="a">CEB9381</subfield>
   </datafield>
   <datafield ind1=" " ind2=" " tag="911">
      <subfield code="a">19991112</subfield>
   </datafield>
   <datafield ind1="8" ind2="0" tag="852">
      <subfield code="0">1579299</subfield>
      <subfield code="b">rcppa</subfield>
      <subfield code="t">0</subfield>
      <subfield code="h">2269.2355.385</subfield>
      <subfield code="x">tr fr anxa</subfield>
   </datafield>
   <datafield ind1="8" ind2=" " tag="852">
      <subfield code="0">8693113</subfield>
      <subfield code="b">elf1</subfield>
      <subfield code="h">Electronic Resource</subfield>
   </datafield>
   <datafield ind1=" " ind2=" " tag="959">
      <subfield code="a">2000-06-08 00:00:00 -0500</subfield>
   </datafield>
</record>
